=LDR  00350cz  a2200157n  4500
=001  cash10000\
=003  CaOONL
=005  20200519142027.8
=008  850515\neanknnbabn\\\\\\\\\\\n\ana\\\\\\
=040  \\$aCaOOP$beng$cCaOOP$dCaOONL
=016  \\$a0200H4979
=035  \\$a(CaOONL)182982
=042  \\$anlc
=151  \\$aBaffin Bay
=667  \\$aCSH3.
=751  \6$aBaffin, Baie de
